<?xml version="1.0" encoding="UTF-8"?><collection xmlns="http://www.loc.gov/MARC21/slim"><record><leader>00473nam--2200157-i-4500</leader><controlfield tag="001">000012879</controlfield><controlfield tag="002">20161230</controlfield><controlfield tag="005">20170220004112</controlfield><controlfield tag="008">060222s1000------------r-----000-0-eng-d</controlfield><datafield ind1=" " ind2=" " tag="245"><subfield code="a">Molecular fluids. Fluides moleculaires. Les Houches, aout 1973-session XXV</subfield></datafield><datafield ind1=" " ind2=" " tag="260"><subfield code="a">London</subfield><subfield code="b">Gordon And Breach</subfield><subfield code="c">1976</subfield></datafield><datafield ind1=" " ind2=" " tag="300"><subfield code="a">459 p</subfield></datafield><datafield ind1=" " ind2=" " tag="490"><subfield code="a">Les Houches, Ecole D Ete De Physcique Theorique</subfield></datafield><datafield ind1=" " ind2=" " tag="700"><subfield code="a">Balian, Roger</subfield></datafield><datafield ind1=" " ind2=" " tag="852"><subfield code="a">530.1:532(069)</subfield></datafield><datafield ind1=" " ind2=" " tag="CAT"><subfield code="a">SYS</subfield><subfield code="c">20170220</subfield><subfield code="h">004112</subfield></datafield></record></collection>